@techreport{fastpoly,
    author =       "Gagandeep Singh, Markus PÃ¼schel, Martin Vechev",
    title =        "Fast Polyhedra Abstract Domain",
    year =         "2017",
}
@techreport{becchi,
    author =       "Anna Becchi",
    title =        "Poliedri NNC: una Nuova Rappresentazione e Algoritmo di Conversione",
    year =         "2017",
}
